
@article{troglio_how_nodate,
	title = {How spikes in the preceding activity are related to the response time of a nerve Ô¨Åber in microneurography?},
	language = {en},
	author = {Troglio, Alina},
	pages = {13},
	file = {Troglio - How spikes in the preceding activity are related t.pdf:files/716/Troglio - How spikes in the preceding activity are related t.pdf:application/pdf},
}
